<record><leader>00000cas a22000007a 4500</leader><controlfield tag="001">23156523</controlfield><controlfield tag="008">910226d19481949couwr ne      0    0eng d</controlfield><datafield ind1=" " ind2=" " tag="010"><subfield code="a">sn 91052224 </subfield></datafield><datafield ind1=" " ind2=" " tag="040"><subfield code="a">CNQ</subfield><subfield code="b">eng</subfield><subfield code="c">CNQ</subfield><subfield code="d">OCLCQ</subfield></datafield><datafield ind1=" " ind2=" " tag="042"><subfield code="a">msc</subfield></datafield><datafield ind1="0" ind2=" " tag="130"><subfield code="a">Long view (Fort Collins, Colo.)</subfield></datafield><datafield ind1="1" ind2="4" tag="245"><subfield code="a">The long view.</subfield></datafield><datafield ind1=" " ind2=" " tag="260"><subfield code="a">Fort Collins, Colo. :</subfield><subfield code="b">Long Pub. Co.</subfield></datafield><datafield ind1=" " ind2=" " tag="300"><subfield code="a">v.</subfield></datafield><datafield ind1=" " ind2=" " tag="310"><subfield code="a">Weekly</subfield></datafield><datafield ind1="0" ind2=" " tag="362"><subfield code="a">Vol. 43, no. 34 (Jan. 23, 1948)-v. 45, no. 13 (Aug. 5, 1949).</subfield></datafield><datafield ind1=" " ind2=" " tag="530"><subfield code="a">Available on microfilm from the Colorado Historical Society.</subfield></datafield><datafield ind1=" " ind2=" " tag="752"><subfield code="a">United States</subfield><subfield code="b">Colorado</subfield><subfield code="c">Larimer</subfield><subfield code="d">Fort Collins.</subfield></datafield><datafield ind1="0" ind2="0" tag="780"><subfield code="t">Larimer County sun</subfield><subfield code="w">(DLC)sn 90051829</subfield></datafield><datafield ind1="0" ind2="0" tag="785"><subfield code="t">Fort Collins news-leader successor to the long view</subfield><subfield code="w">(DLC)sn 91052225</subfield></datafield></record>